@book{principles-resonance,
  author    = {Charles P. Slichter},
  title     = {Principles of Magnetic Resonance},
  edition   = {3},
  publisher = {Springer Science},
  address   = {USA},
  year      = {1990}
}


@book{griffiths,
  author    = {David J. Griffiths and Darrell F. Schroeter},
  title     = {Introduction to Quantum Mechanics},
  edition   = {Third edition},
  publisher = {Cambridge University Press},
  address   = {Cambridge, UK; New York, NY},
  isbn      = {978-1-107-18963-8},
  year      = {2018}
}


@book{melissinos2003,
  author    = {Adrian C. Melissinos and Jim Napolitano},
  title     = {Experiments in Modern Physics},
  edition   = {2},
  publisher = {Academic Press},
  address   = {New York, NY},
  isbn      = {978-0124898516},
  year      = {2003}
}

@book{abragam1961,
  author    = {A. Abragam},
  title     = {The Principles of Nuclear Magnetism},
  publisher = {Clarendon Press},
  address   = {Oxford, UK},
  series    = {International Series of Monographs on Physics},
  isbn      = {978-0198520146},
  year      = {1961}
}

@book{preston1991,
  author    = {Daryl W. Preston and Eric R. Dietz},
  title     = {The Art of Experimental Physics},
  publisher = {John Wiley \& Sons},
  address   = {New York, NY},
  year      = {1991}
}

@manual{teachspin-ps2,
  author       = {{TeachSpin, Inc.}},
  title        = {Pulsed/CW NMR Spectrometer PS2-A/B/C Instructor’s Manual},
  organization = {TeachSpin, Inc.},
  address      = {Buffalo, NY},
  year         = {2013}
}

@article{hahn1950,
  author  = {E.~L. Hahn},
  title   = {Spin Echoes},
  journal = {Physical Review},
  volume  = {80},
  pages   = {580--594},
  year    = {1950},
  doi     = {10.1103/PhysRev.80.580}
}

@article{purcell1946,
  author  = {E.~M. Purcell and H.~C. Torrey and R.~V. Pound},
  title   = {Resonance Absorption by Nuclear Magnetic Moments in a Solid},
  journal = {Physical Review},
  volume  = {69},
  pages   = {37--38},
  year    = {1946},
  doi     = {10.1103/PhysRev.69.37}
}

@article{bloch1946,
  author  = {F. Bloch},
  title   = {Nuclear Induction},
  journal = {Physical Review},
  volume  = {70},
  pages   = {460--474},
  year    = {1946},
  doi     = {10.1103/PhysRev.70.460}
}

@article{bloembergen1948,
  author  = {N. Bloembergen and E.~M. Purcell and R.~V. Pound},
  title   = {Relaxation Effects in Nuclear Magnetic Resonance Absorption},
  journal = {Physical Review},
  volume  = {73},
  pages   = {679--712},
  year    = {1948},
  doi     = {10.1103/PhysRev.73.679}
}

@article{carr_purcell1954,
  author  = {H.~Y. Carr and E.~M. Purcell},
  title   = {Effects of Diffusion on Free Precession in Nuclear Magnetic Resonance Experiments},
  journal = {Physical Review},
  volume  = {94},
  pages   = {630--638},
  year    = {1954},
  doi     = {10.1103/PhysRev.94.630}
}

@article{meiboom_gill1958,
  author  = {S. Meiboom and D. Gill},
  title   = {Modified Spin‐Echo Method for Measuring Nuclear Relaxation Times},
  journal = {Review of Scientific Instruments},
  volume  = {29},
  pages   = {668--691},
  year    = {1958},
  doi     = {10.1063/1.1716296}
}

@article{ernst_anderson1966,
  author  = {R.~R. Ernst and W.~A. Anderson},
  title   = {Application of Fourier Transform Spectroscopy to Magnetic Resonance},
  journal = {Review of Scientific Instruments},
  volume  = {37},
  pages   = {93--102},
  year    = {1966},
  doi     = {10.1063/1.1719961}
}
