@CONTROL{REVTEX42Control}
@CONTROL{apsrev42Control,author="08",editor="1",pages="0",title="0",year="1"}

@book{principles-resonance ,
author = {Charles Pence Slichter},
title = {Principles of Magnetic Resonance},
edition = {3},
publisher = {Springer Science},
address = {USA},
year = {1990}
}

@manual{lab-manual,
    key ={Lab Manual} ,
    title = {Pulsed Nuclear Magnetic Resonance}
}


@book{griffiths,
	address = {Cambridge ; New York, NY},
	edition = {3},
	title = {Introduction to Quantum Mechanics},
	isbn = {978-1-107-18963-8},
	publisher = {Cambridge University Press},
	author = {Griffiths, David J. and Schroeter, Darrell F.},
	year = {2018},
}